<record><leader>00000cas a22000007a 4500</leader><controlfield tag="001">13590343</controlfield><controlfield tag="008">860520d17991802pauwr ne      0    0eng d</controlfield><datafield ind1=" " ind2=" " tag="010"><subfield code="a">sn 86053394 </subfield></datafield><datafield ind1=" " ind2=" " tag="040"><subfield code="a">NPX</subfield><subfield code="b">eng</subfield><subfield code="c">NPX</subfield><subfield code="d">OCLCG</subfield><subfield code="d">OCLCQ</subfield></datafield><datafield ind1=" " ind2=" " tag="042"><subfield code="a">msc</subfield></datafield><datafield ind1="0" ind2="4" tag="245"><subfield code="a">The Eagle, or, Carlisle herald.</subfield></datafield><datafield ind1="3" ind2="0" tag="246"><subfield code="a">Carlisle herald</subfield></datafield><datafield ind1=" " ind2=" " tag="260"><subfield code="a">Carlisle, Pa. :</subfield><subfield code="b">Printed by John P. Thomson</subfield></datafield><datafield ind1=" " ind2=" " tag="300"><subfield code="a">v.</subfield></datafield><datafield ind1=" " ind2=" " tag="310"><subfield code="a">Weekly</subfield></datafield><datafield ind1="1" ind2=" " tag="362"><subfield code="a">Began with Oct. 3, 1799 issue? Ceased in 1802.</subfield><subfield code="z">Cf. Brigham, C.S. Amer. newspapers.</subfield></datafield><datafield ind1="4" ind2=" " tag="510"><subfield code="a">Evans</subfield><subfield code="c">35430</subfield></datafield><datafield ind1="4" ind2=" " tag="510"><subfield code="a">Brigham, C.S. Amer. newspapers,</subfield><subfield code="c">p. 831</subfield></datafield><datafield ind1=" " ind2=" " tag="588"><subfield code="a">Description based on: Vol. 1, no. 50 (Sept. 10, 1800).</subfield></datafield><datafield ind1="1" ind2=" " tag="700"><subfield code="a">Thomson, John Popham,</subfield><subfield code="d">1776-1855.</subfield></datafield><datafield ind1=" " ind2=" " tag="752"><subfield code="a">United States</subfield><subfield code="b">Pennsylvania</subfield><subfield code="c">Cumberland</subfield><subfield code="d">Carlisle.</subfield></datafield><datafield ind1="0" ind2="0" tag="785"><subfield code="t">Carlisle herald (Carlisle, Pa. : 1802)</subfield><subfield code="w">(DLC)sn 83032168</subfield></datafield><datafield ind1="1" ind2=" " tag="029"><subfield code="a">AU@</subfield><subfield code="b">000025789882</subfield></datafield></record>